<?xml version="1.0" encoding="UTF-8"?>
  <record xmlns="http://www.loc.gov/MARC21/slim" type="Authority">
    <leader>00000nz  a2200000nc 4500</leader>
    <controlfield tag="001">1004515464</controlfield>
    <controlfield tag="003">DE-101</controlfield>
    <controlfield tag="005">20201215154155.0</controlfield>
    <controlfield tag="008">100617n||aznnnaabn           | ana    |c</controlfield>
    <datafield tag="024" ind1="7" ind2=" ">
      <subfield code="a">6146979-8</subfield>
      <subfield code="0">http://d-nb.info/gnd/6146979-8</subfield>
      <subfield code="2">gnd</subfield>
    </datafield>
    <datafield tag="035" ind1=" " ind2=" ">
      <subfield code="a">(DE-101)1004515464</subfield>
    </datafield>
    <datafield tag="035" ind1=" " ind2=" ">
      <subfield code="a">(DE-588)6146979-8</subfield>
    </datafield>
    <datafield tag="035" ind1=" " ind2=" ">
      <subfield code="z">(DE-588)1088618928</subfield>
    </datafield>
    <datafield tag="035" ind1=" " ind2=" ">
      <subfield code="z">(DE-588)6145200-2</subfield>
    </datafield>
    <datafield tag="035" ind1=" " ind2=" ">
      <subfield code="z">(DE-588)1078072108</subfield>
    </datafield>
    <datafield tag="035" ind1=" " ind2=" ">
      <subfield code="z">(DE-588b)6145200-2</subfield>
      <subfield code="9">v:zg</subfield>
    </datafield>
    <datafield tag="035" ind1=" " ind2=" ">
      <subfield code="z">(DE-588)6147419-8</subfield>
    </datafield>
    <datafield tag="035" ind1=" " ind2=" ">
      <subfield code="z">(DE-588b)6147419-8</subfield>
      <subfield code="9">v:zg</subfield>
    </datafield>
    <datafield tag="035" ind1=" " ind2=" ">
      <subfield code="z">(DE-588b)6146979-8</subfield>
      <subfield code="9">v:zg</subfield>
    </datafield>
    <datafield tag="040" ind1=" " ind2=" ">
      <subfield code="a">DE-601</subfield>
      <subfield code="c">DE-601</subfield>
      <subfield code="9">r:DE-1</subfield>
      <subfield code="b">ger</subfield>
      <subfield code="d">0028</subfield>
      <subfield code="e">rda</subfield>
    </datafield>
    <datafield tag="042" ind1=" " ind2=" ">
      <subfield code="a">gnd1</subfield>
    </datafield>
    <datafield tag="043" ind1=" " ind2=" ">
      <subfield code="c">XA-CH-BE</subfield>
    </datafield>
    <datafield tag="065" ind1=" " ind2=" ">
      <subfield code="a">10.12b</subfield>
      <subfield code="2">sswd</subfield>
    </datafield>
    <datafield tag="075" ind1=" " ind2=" ">
      <subfield code="b">b</subfield>
      <subfield code="2">gndgen</subfield>
    </datafield>
    <datafield tag="075" ind1=" " ind2=" ">
      <subfield code="b">kif</subfield>
      <subfield code="2">gndspec</subfield>
    </datafield>
    <datafield tag="079" ind1=" " ind2=" ">
      <subfield code="a">g</subfield>
      <subfield code="q">f</subfield>
      <subfield code="u">r</subfield>
    </datafield>
    <datafield tag="110" ind1="2" ind2=" ">
      <subfield code="a">Hochobrigkeitliche Buchdruckerey</subfield>
      <subfield code="g">Bern</subfield>
    </datafield>
    <datafield tag="410" ind1="2" ind2=" ">
      <subfield code="a">Hochobrigkeitl. Buchdrukerey</subfield>
      <subfield code="g">Bern</subfield>
    </datafield>
    <datafield tag="410" ind1="2" ind2=" ">
      <subfield code="a">Hochobrigkeitliche Buchdrukerey</subfield>
      <subfield code="g">Bern</subfield>
    </datafield>
    <datafield tag="410" ind1="2" ind2=" ">
      <subfield code="a">Hochobrigkeitl. Buchdruckerey</subfield>
      <subfield code="g">Bern</subfield>
    </datafield>
    <datafield tag="410" ind1="2" ind2=" ">
      <subfield code="a">Hochobrigkeitliche Druckerei</subfield>
      <subfield code="g">Bern</subfield>
    </datafield>
    <datafield tag="410" ind1="2" ind2=" ">
      <subfield code="a">Hoch-Obrigkeitliche Druckerei</subfield>
      <subfield code="g">Bern</subfield>
    </datafield>
    <datafield tag="410" ind1="2" ind2=" ">
      <subfield code="a">Hoch-Obrigkeitliche Druckerey</subfield>
      <subfield code="g">Bern</subfield>
    </datafield>
    <datafield tag="410" ind1="2" ind2=" ">
      <subfield code="a">Hoch-Oberkeitliche Druckerei</subfield>
      <subfield code="g">Bern</subfield>
    </datafield>
    <datafield tag="410" ind1="2" ind2=" ">
      <subfield code="a">Hoch-Oberkeitliche Druckerey</subfield>
      <subfield code="g">Bern</subfield>
    </datafield>
    <datafield tag="410" ind1="2" ind2=" ">
      <subfield code="a">Hoch-Oberkeitl. Druckerey</subfield>
      <subfield code="g">Bern</subfield>
    </datafield>
    <datafield tag="410" ind1="2" ind2=" ">
      <subfield code="a">Hoch-Oberkeitliche Drukerey</subfield>
      <subfield code="g">Bern</subfield>
    </datafield>
    <datafield tag="410" ind1="2" ind2=" ">
      <subfield code="a">Hoch-Oberkeitliche Truckerey</subfield>
      <subfield code="g">Bern</subfield>
    </datafield>
    <datafield tag="410" ind1="2" ind2=" ">
      <subfield code="a">Obrigkeitliche Druckerei</subfield>
      <subfield code="g">Bern</subfield>
    </datafield>
    <datafield tag="410" ind1="2" ind2=" ">
      <subfield code="a">Obrigkeitliche Druckerey</subfield>
      <subfield code="g">Bern</subfield>
    </datafield>
    <datafield tag="410" ind1="2" ind2=" ">
      <subfield code="a">Oberkeitliche Druckerei</subfield>
      <subfield code="g">Bern</subfield>
    </datafield>
    <datafield tag="410" ind1="2" ind2=" ">
      <subfield code="a">Oberkeitliche Druckerey</subfield>
      <subfield code="g">Bern</subfield>
    </datafield>
    <datafield tag="410" ind1="2" ind2=" ">
      <subfield code="a">Obrigkeitliche Buchdruckerei</subfield>
      <subfield code="g">Bern</subfield>
    </datafield>
    <datafield tag="410" ind1="2" ind2=" ">
      <subfield code="a">Obrigkeitliche Buchdruckerey</subfield>
      <subfield code="g">Bern</subfield>
    </datafield>
    <datafield tag="410" ind1="2" ind2=" ">
      <subfield code="a">Officina typographica Reipublicae Bernensis</subfield>
    </datafield>
    <datafield tag="410" ind1="2" ind2=" ">
      <subfield code="a">Officina typographica illustrissimae Reipublicae Bernensis</subfield>
    </datafield>
    <datafield tag="410" ind1="2" ind2=" ">
      <subfield code="a">Officina illustrissimae Reipublicae Bernensis</subfield>
    </datafield>
    <datafield tag="410" ind1="2" ind2=" ">
      <subfield code="a">Officina illustrissimae Reipublicae</subfield>
      <subfield code="g">Bern</subfield>
    </datafield>
    <datafield tag="410" ind1="2" ind2=" ">
      <subfield code="a">Officina illustriss. Reipubl.</subfield>
      <subfield code="g">Bern</subfield>
    </datafield>
    <datafield tag="410" ind1="2" ind2=" ">
      <subfield code="a">Officina typogr. illustriss. reipublicae</subfield>
      <subfield code="g">Bern</subfield>
    </datafield>
    <datafield tag="410" ind1="2" ind2=" ">
      <subfield code="a">Officina typogr. Illustr. Reipubl. Bernensis</subfield>
    </datafield>
    <datafield tag="410" ind1="2" ind2=" ">
      <subfield code="a">Officina typographica Illustr. Reipublicae Bernensis</subfield>
    </datafield>
    <datafield tag="410" ind1="2" ind2=" ">
      <subfield code="a">Illustrissimae Reipublicae Bernensis Typographia</subfield>
    </datafield>
    <datafield tag="410" ind1="2" ind2=" ">
      <subfield code="a">Imprimerie de LL. EE.</subfield>
      <subfield code="g">Bern</subfield>
    </datafield>
    <datafield tag="410" ind1="2" ind2=" ">
      <subfield code="a">Imprimerie de Leurs Excellences</subfield>
      <subfield code="g">Bern</subfield>
    </datafield>
    <datafield tag="410" ind1="2" ind2=" ">
      <subfield code="a">Typographia academica illustrissimae Reipublicae Bernensis</subfield>
    </datafield>
    <datafield tag="410" ind1="2" ind2=" ">
      <subfield code="a">Typographia Illustrissimae Reipublicae Bernensis</subfield>
    </datafield>
    <datafield tag="410" ind1="2" ind2=" ">
      <subfield code="a">Typogr. Illustr. Reipubl. Bernensis</subfield>
    </datafield>
    <datafield tag="410" ind1="2" ind2=" ">
      <subfield code="a">Typi Illustrissimae Reipublicae Bernensis</subfield>
    </datafield>
    <datafield tag="410" ind1="2" ind2=" ">
      <subfield code="a">Typi Et Sumptus Illustrissimae Reipublicae Bernensis</subfield>
    </datafield>
    <datafield tag="410" ind1="2" ind2=" ">
      <subfield code="a">Sumptus Illustrissimae Reipublicae Bernensis</subfield>
    </datafield>
    <datafield tag="410" ind1="2" ind2=" ">
      <subfield code="a">Undere Druckerey</subfield>
      <subfield code="g">Bern</subfield>
    </datafield>
    <datafield tag="410" ind1="2" ind2=" ">
      <subfield code="a">Untere Druckerei</subfield>
      <subfield code="g">Bern</subfield>
    </datafield>
    <datafield tag="410" ind1="2" ind2=" ">
      <subfield code="a">Wagner &amp; Müller</subfield>
      <subfield code="g">Bern</subfield>
    </datafield>
    <datafield tag="500" ind1="1" ind2=" ">
      <subfield code="0">(DE-101)119742470</subfield>
      <subfield code="0">(DE-588)119742470</subfield>
      <subfield code="0">https://d-nb.info/gnd/119742470</subfield>
      <subfield code="a">Le Preux, Jean</subfield>
      <subfield code="d">1574-16XX</subfield>
      <subfield code="4">besi</subfield>
      <subfield code="4">https://d-nb.info/standards/elementset/gnd#owner</subfield>
      <subfield code="w">r</subfield>
      <subfield code="i">Besitzer</subfield>
      <subfield code="e">Besitzer</subfield>
      <subfield code="9">Z:1599-1614</subfield>
    </datafield>
    <datafield tag="500" ind1="1" ind2=" ">
      <subfield code="0">(DE-101)1037512065</subfield>
      <subfield code="0">(DE-588)1037512065</subfield>
      <subfield code="0">https://d-nb.info/gnd/1037512065</subfield>
      <subfield code="a">Weerli, Abraham</subfield>
      <subfield code="4">besi</subfield>
      <subfield code="4">https://d-nb.info/standards/elementset/gnd#owner</subfield>
      <subfield code="w">r</subfield>
      <subfield code="i">Besitzer</subfield>
      <subfield code="e">Besitzer</subfield>
      <subfield code="9">Z:1614-1622</subfield>
    </datafield>
    <datafield tag="500" ind1="1" ind2=" ">
      <subfield code="0">(DE-101)1037512103</subfield>
      <subfield code="0">(DE-588)1037512103</subfield>
      <subfield code="0">https://d-nb.info/gnd/1037512103</subfield>
      <subfield code="a">Stuber, Jakob</subfield>
      <subfield code="d">-1668</subfield>
      <subfield code="4">besi</subfield>
      <subfield code="4">https://d-nb.info/standards/elementset/gnd#owner</subfield>
      <subfield code="w">r</subfield>
      <subfield code="i">Besitzer</subfield>
      <subfield code="e">Besitzer</subfield>
      <subfield code="9">Z:1622-1635</subfield>
    </datafield>
    <datafield tag="500" ind1="1" ind2=" ">
      <subfield code="0">(DE-101)1037512111</subfield>
      <subfield code="0">(DE-588)1037512111</subfield>
      <subfield code="0">https://d-nb.info/gnd/1037512111</subfield>
      <subfield code="a">Schmid, Stephan</subfield>
      <subfield code="d">1607-164X</subfield>
      <subfield code="4">besi</subfield>
      <subfield code="4">https://d-nb.info/standards/elementset/gnd#owner</subfield>
      <subfield code="w">r</subfield>
      <subfield code="i">Besitzer</subfield>
      <subfield code="e">Besitzer</subfield>
      <subfield code="9">Z:1635-1640</subfield>
    </datafield>
    <datafield tag="500" ind1="1" ind2=" ">
      <subfield code="0">(DE-101)103751212X</subfield>
      <subfield code="0">(DE-588)103751212X</subfield>
      <subfield code="0">https://d-nb.info/gnd/103751212X</subfield>
      <subfield code="a">Sonnleitner, Georg</subfield>
      <subfield code="d">ca. 17. Jh.</subfield>
      <subfield code="4">besi</subfield>
      <subfield code="4">https://d-nb.info/standards/elementset/gnd#owner</subfield>
      <subfield code="w">r</subfield>
      <subfield code="i">Besitzer</subfield>
      <subfield code="e">Besitzer</subfield>
      <subfield code="9">Z:1640-1679</subfield>
    </datafield>
    <datafield tag="500" ind1="1" ind2=" ">
      <subfield code="0">(DE-101)1037512146</subfield>
      <subfield code="0">(DE-588)1037512146</subfield>
      <subfield code="0">https://d-nb.info/gnd/1037512146</subfield>
      <subfield code="a">Thormann, Gabriel</subfield>
      <subfield code="d">1653-1716</subfield>
      <subfield code="4">besi</subfield>
      <subfield code="4">https://d-nb.info/standards/elementset/gnd#owner</subfield>
      <subfield code="w">r</subfield>
      <subfield code="i">Besitzer</subfield>
      <subfield code="e">Besitzer</subfield>
      <subfield code="9">Z:1679-1691</subfield>
    </datafield>
    <datafield tag="500" ind1="1" ind2=" ">
      <subfield code="0">(DE-101)1037512146</subfield>
      <subfield code="0">(DE-588)1037512146</subfield>
      <subfield code="0">https://d-nb.info/gnd/1037512146</subfield>
      <subfield code="a">Thormann, Gabriel</subfield>
      <subfield code="d">1653-1716</subfield>
      <subfield code="4">rela</subfield>
      <subfield code="4">https://d-nb.info/standards/elementset/gnd#relatedPerson</subfield>
      <subfield code="w">r</subfield>
      <subfield code="i">Relation allgemein</subfield>
      <subfield code="e">Relation allgemein</subfield>
      <subfield code="9">v:Teilhaber</subfield>
      <subfield code="9">Z:1691-1698</subfield>
    </datafield>
    <datafield tag="500" ind1="1" ind2=" ">
      <subfield code="0">(DE-101)1037532414</subfield>
      <subfield code="0">(DE-588)1037532414</subfield>
      <subfield code="0">https://d-nb.info/gnd/1037532414</subfield>
      <subfield code="a">Huguenet, Andreas</subfield>
      <subfield code="d">1644-17XX</subfield>
      <subfield code="4">rela</subfield>
      <subfield code="4">https://d-nb.info/standards/elementset/gnd#relatedPerson</subfield>
      <subfield code="w">r</subfield>
      <subfield code="i">Relation allgemein</subfield>
      <subfield code="e">Relation allgemein</subfield>
      <subfield code="9">v:Faktor</subfield>
      <subfield code="9">Z:1679-17XX</subfield>
    </datafield>
    <datafield tag="500" ind1="1" ind2=" ">
      <subfield code="0">(DE-101)1037528859</subfield>
      <subfield code="0">(DE-588)1037528859</subfield>
      <subfield code="0">https://d-nb.info/gnd/1037528859</subfield>
      <subfield code="a">Tschiffeli, Gabriel</subfield>
      <subfield code="d">1661-1733</subfield>
      <subfield code="4">rela</subfield>
      <subfield code="4">https://d-nb.info/standards/elementset/gnd#relatedPerson</subfield>
      <subfield code="w">r</subfield>
      <subfield code="i">Relation allgemein</subfield>
      <subfield code="e">Relation allgemein</subfield>
      <subfield code="9">v:Teilhaber</subfield>
      <subfield code="9">Z:1691-1709</subfield>
    </datafield>
    <datafield tag="500" ind1="1" ind2=" ">
      <subfield code="0">(DE-101)1090086660</subfield>
      <subfield code="0">(DE-588)1090086660</subfield>
      <subfield code="0">https://d-nb.info/gnd/1090086660</subfield>
      <subfield code="a">Tschiffeli, Daniel</subfield>
      <subfield code="d">1664-1730</subfield>
      <subfield code="4">rela</subfield>
      <subfield code="4">https://d-nb.info/standards/elementset/gnd#relatedPerson</subfield>
      <subfield code="w">r</subfield>
      <subfield code="i">Relation allgemein</subfield>
      <subfield code="e">Relation allgemein</subfield>
      <subfield code="9">v:Teilhaber</subfield>
      <subfield code="9">Z:1691-1709</subfield>
    </datafield>
    <datafield tag="500" ind1="1" ind2=" ">
      <subfield code="0">(DE-101)1090086660</subfield>
      <subfield code="0">(DE-588)1090086660</subfield>
      <subfield code="0">https://d-nb.info/gnd/1090086660</subfield>
      <subfield code="a">Tschiffeli, Daniel</subfield>
      <subfield code="d">1664-1730</subfield>
      <subfield code="4">besi</subfield>
      <subfield code="4">https://d-nb.info/standards/elementset/gnd#owner</subfield>
      <subfield code="w">r</subfield>
      <subfield code="i">Besitzer</subfield>
      <subfield code="e">Besitzer</subfield>
      <subfield code="9">Z:1709-1730</subfield>
    </datafield>
    <datafield tag="500" ind1="1" ind2=" ">
      <subfield code="0">(DE-101)1097598314</subfield>
      <subfield code="0">(DE-588)1097598314</subfield>
      <subfield code="0">https://d-nb.info/gnd/1097598314</subfield>
      <subfield code="a">Müller, Rudolf</subfield>
      <subfield code="d">1705-1760</subfield>
      <subfield code="4">rela</subfield>
      <subfield code="4">https://d-nb.info/standards/elementset/gnd#relatedPerson</subfield>
      <subfield code="w">r</subfield>
      <subfield code="i">Relation allgemein</subfield>
      <subfield code="e">Relation allgemein</subfield>
      <subfield code="9">v:Teilhaber</subfield>
      <subfield code="9">Z:1731-1760</subfield>
    </datafield>
    <datafield tag="500" ind1="1" ind2=" ">
      <subfield code="0">(DE-101)1036999416</subfield>
      <subfield code="0">(DE-588)1036999416</subfield>
      <subfield code="0">https://d-nb.info/gnd/1036999416</subfield>
      <subfield code="a">Wagner, Abraham</subfield>
      <subfield code="d">1701-1764</subfield>
      <subfield code="4">rela</subfield>
      <subfield code="4">https://d-nb.info/standards/elementset/gnd#relatedPerson</subfield>
      <subfield code="w">r</subfield>
      <subfield code="i">Relation allgemein</subfield>
      <subfield code="e">Relation allgemein</subfield>
      <subfield code="9">v:Teilhaber</subfield>
      <subfield code="9">Z:1731-1760</subfield>
    </datafield>
    <datafield tag="500" ind1="1" ind2=" ">
      <subfield code="0">(DE-101)1036999416</subfield>
      <subfield code="0">(DE-588)1036999416</subfield>
      <subfield code="0">https://d-nb.info/gnd/1036999416</subfield>
      <subfield code="a">Wagner, Abraham</subfield>
      <subfield code="d">1701-1764</subfield>
      <subfield code="4">besi</subfield>
      <subfield code="4">https://d-nb.info/standards/elementset/gnd#owner</subfield>
      <subfield code="w">r</subfield>
      <subfield code="i">Besitzer</subfield>
      <subfield code="e">Besitzer</subfield>
      <subfield code="9">Z:1760-1764</subfield>
    </datafield>
    <datafield tag="500" ind1="1" ind2=" ">
      <subfield code="0">(DE-101)1036998886</subfield>
      <subfield code="0">(DE-588)1036998886</subfield>
      <subfield code="0">https://d-nb.info/gnd/1036998886</subfield>
      <subfield code="a">Wagner, Helena</subfield>
      <subfield code="d">1707-1777</subfield>
      <subfield code="4">besi</subfield>
      <subfield code="4">https://d-nb.info/standards/elementset/gnd#owner</subfield>
      <subfield code="w">r</subfield>
      <subfield code="i">Besitzer</subfield>
      <subfield code="e">Besitzer</subfield>
      <subfield code="9">Z:1764-1769</subfield>
    </datafield>
    <datafield tag="500" ind1="1" ind2=" ">
      <subfield code="0">(DE-101)1037505182</subfield>
      <subfield code="0">(DE-588)1037505182</subfield>
      <subfield code="0">https://d-nb.info/gnd/1037505182</subfield>
      <subfield code="a">Wagner, Abraham</subfield>
      <subfield code="d">1734-1782</subfield>
      <subfield code="4">besi</subfield>
      <subfield code="4">https://d-nb.info/standards/elementset/gnd#owner</subfield>
      <subfield code="w">r</subfield>
      <subfield code="i">Besitzer</subfield>
      <subfield code="e">Besitzer</subfield>
      <subfield code="9">Z:1769-1779</subfield>
    </datafield>
    <datafield tag="500" ind1="1" ind2=" ">
      <subfield code="0">(DE-101)1037504151</subfield>
      <subfield code="0">(DE-588)1037504151</subfield>
      <subfield code="0">https://d-nb.info/gnd/1037504151</subfield>
      <subfield code="a">Fischer, Beat Friedrich</subfield>
      <subfield code="d">1740-1810</subfield>
      <subfield code="4">besi</subfield>
      <subfield code="4">https://d-nb.info/standards/elementset/gnd#owner</subfield>
      <subfield code="w">r</subfield>
      <subfield code="i">Besitzer</subfield>
      <subfield code="e">Besitzer</subfield>
      <subfield code="9">Z:1779-1789</subfield>
    </datafield>
    <datafield tag="500" ind1="1" ind2=" ">
      <subfield code="0">(DE-101)1071001353</subfield>
      <subfield code="0">(DE-588)1071001353</subfield>
      <subfield code="0">https://d-nb.info/gnd/1071001353</subfield>
      <subfield code="a">Brunner, Daniel</subfield>
      <subfield code="d">1737-1814</subfield>
      <subfield code="4">besi</subfield>
      <subfield code="4">https://d-nb.info/standards/elementset/gnd#owner</subfield>
      <subfield code="w">r</subfield>
      <subfield code="i">Besitzer</subfield>
      <subfield code="e">Besitzer</subfield>
      <subfield code="9">Z:1789-1798</subfield>
    </datafield>
    <datafield tag="500" ind1="1" ind2=" ">
      <subfield code="0">(DE-101)1037604598</subfield>
      <subfield code="0">(DE-588)1037604598</subfield>
      <subfield code="0">https://d-nb.info/gnd/1037604598</subfield>
      <subfield code="a">Stämpfli, Gottlieb</subfield>
      <subfield code="d">1770-1807</subfield>
      <subfield code="4">besi</subfield>
      <subfield code="4">https://d-nb.info/standards/elementset/gnd#owner</subfield>
      <subfield code="w">r</subfield>
      <subfield code="i">Besitzer</subfield>
      <subfield code="e">Besitzer</subfield>
      <subfield code="9">Z:1799-1807</subfield>
    </datafield>
    <datafield tag="500" ind1="1" ind2=" ">
      <subfield code="0">(DE-101)1037511646</subfield>
      <subfield code="0">(DE-588)1037511646</subfield>
      <subfield code="0">https://d-nb.info/gnd/1037511646</subfield>
      <subfield code="a">Haller, Ludwig Albrecht</subfield>
      <subfield code="d">1773-1837</subfield>
      <subfield code="4">besi</subfield>
      <subfield code="4">https://d-nb.info/standards/elementset/gnd#owner</subfield>
      <subfield code="w">r</subfield>
      <subfield code="i">Besitzer</subfield>
      <subfield code="e">Besitzer</subfield>
      <subfield code="9">Z:1814-1831</subfield>
    </datafield>
    <datafield tag="548" ind1=" " ind2=" ">
      <subfield code="a">1537-1831</subfield>
      <subfield code="4">datb</subfield>
      <subfield code="4">https://d-nb.info/standards/elementset/gnd#dateOfEstablishmentAndTermination</subfield>
      <subfield code="w">r</subfield>
      <subfield code="i">Zeitraum</subfield>
      <subfield code="9">v:Wirkungsjahre 1537-1798, 1803-1831</subfield>
    </datafield>
    <datafield tag="550" ind1=" " ind2=" ">
      <subfield code="0">(DE-101)041333330</subfield>
      <subfield code="0">(DE-588)4133333-0</subfield>
      <subfield code="0">https://d-nb.info/gnd/4133333-0</subfield>
      <subfield code="a">Druckerei</subfield>
      <subfield code="4">obin</subfield>
      <subfield code="4">https://d-nb.info/standards/elementset/gnd#broaderTermInstantial</subfield>
      <subfield code="w">r</subfield>
      <subfield code="i">Oberbegriff instantiell</subfield>
      <subfield code="9">Z:1599-1831</subfield>
    </datafield>
    <datafield tag="550" ind1=" " ind2=" ">
      <subfield code="0">(DE-101)040630048</subfield>
      <subfield code="0">(DE-588)4063004-3</subfield>
      <subfield code="0">https://d-nb.info/gnd/4063004-3</subfield>
      <subfield code="a">Verlag</subfield>
      <subfield code="4">obin</subfield>
      <subfield code="4">https://d-nb.info/standards/elementset/gnd#broaderTermInstantial</subfield>
      <subfield code="w">r</subfield>
      <subfield code="i">Oberbegriff instantiell</subfield>
      <subfield code="9">Z:1599-1831</subfield>
    </datafield>
    <datafield tag="551" ind1=" " ind2=" ">
      <subfield code="0">(DE-101)040057623</subfield>
      <subfield code="0">(DE-588)4005762-8</subfield>
      <subfield code="0">https://d-nb.info/gnd/4005762-8</subfield>
      <subfield code="a">Bern</subfield>
      <subfield code="4">orta</subfield>
      <subfield code="4">https://d-nb.info/standards/elementset/gnd#placeOfBusiness</subfield>
      <subfield code="w">r</subfield>
      <subfield code="i">Ort</subfield>
      <subfield code="9">X:1</subfield>
    </datafield>
    <datafield tag="667" ind1=" " ind2=" ">
      <subfield code="a">VD-18</subfield>
    </datafield>
    <datafield tag="670" ind1=" " ind2=" ">
      <subfield code="a">Tillier, Anton von: Geschichte des eidgenössischen Freistaates Bern von seinem Ursprunge bis zu seinem Untergange 1798. Bern. Bd. 5.1839, S. 455</subfield>
    </datafield>
    <datafield tag="670" ind1=" " ind2=" ">
      <subfield code="a">Fluri, Adolf: Chronologie der Berner Buchdrucker. S. 11-18</subfield>
    </datafield>
    <datafield tag="678" ind1=" " ind2=" ">
      <subfield code="b">Gegründet 1599. Die Regierung stellte ein Gebäude zur Verfügung, wählte einen Fachmann zum Drucker, versorgte ihn mit Aufträgen und setzte die Preise fest. Die Betriebseinrichtung hatte der Stelleninhaber selbst zu stellen. - Wechselnde Inhaber, die besonders im 16. und 17. Jh. auch unter ihren eigenen Namen firmierten. - 1799 wurde Gottlieb Stämpfli "obrigkeitlicher Drucker", nachdem er bereits 12 Jahre in dieser Offizin gearbeitet hatte.</subfield>
    </datafield>
    <datafield tag="913" ind1=" " ind2=" ">
      <subfield code="S">gkd</subfield>
      <subfield code="i">a</subfield>
      <subfield code="a">Hochobrigkeitliche Buchdruckerey &lt;Bern&gt;</subfield>
      <subfield code="0">(DE-588b)6146979-8</subfield>
    </datafield>
    <datafield tag="913" ind1=" " ind2=" ">
      <subfield code="S">gkd</subfield>
      <subfield code="i">a</subfield>
      <subfield code="a">Obrigkeitliche Druckerei &lt;Bern&gt;</subfield>
      <subfield code="0">(DE-588b)6147419-8</subfield>
    </datafield>
    <datafield tag="913" ind1=" " ind2=" ">
      <subfield code="S">gkd</subfield>
      <subfield code="i">a</subfield>
      <subfield code="a">Officina Typographica Illustr. Reipublica &lt;Bern&gt;</subfield>
      <subfield code="0">(DE-588b)6145200-2</subfield>
    </datafield>
  </record>
